<?xml version="1.0" encoding="UTF-8"?><record xmlns="http://www.loc.gov/MARC21/slim" xmlns:cinclude="http://apache.org/cocoon/include/1.0" xmlns:zs="http://www.loc.gov/zing/srw/">
  <leader>00579nz  a2200145n  4500</leader>
  <controlfield tag="001">n  82071759 </controlfield>
  <controlfield tag="003">DLC</controlfield>
  <controlfield tag="005">19840322000000.0</controlfield>
  <controlfield tag="008">820521n| acannaab|          |a aaa ||| c</controlfield>
  <datafield tag="010" ind1=" " ind2=" ">
    <subfield code="a">n  82071759 </subfield>
    <subfield code="z">n82-17152</subfield>
  </datafield>
  <datafield tag="040" ind1=" " ind2=" ">
    <subfield code="a">DGPO</subfield>
    <subfield code="c">DLC</subfield>
  </datafield>
  <datafield tag="100" ind1="1" ind2="0">
    <subfield code="a">Tucker, John R.</subfield>
  </datafield>
  <datafield tag="400" ind1="1" ind2="0">
    <subfield code="a">Tucker, J. R.</subfield>
    <subfield code="q">(John R.)</subfield>
  </datafield>
  <datafield tag="670" ind1=" " ind2=" ">
    <subfield code="a">His Criteria for implementation of optimum integration algorithm into the WRECKER program, 1978;</subfield>
    <subfield code="b">t.p. (John R. Tucker)</subfield>
  </datafield>
  <datafield tag="670" ind1=" " ind2=" ">
    <subfield code="a">Chi, M. Revision of simulation model of auto. collisions computer program, 1977:</subfield>
    <subfield code="b">t.p. (J.R. Tucker, Chi Associates, Inc., Arlington, Va.)</subfield>
  </datafield>
</record>